
@misc{anybotics_anymal_nodate,
	type = {Store},
	title = {{ANYmal} {C} – {Autonomous} {Legged} {Robot}},
	url = {https://www.anybotics.com/anymal-legged-robot/},
	abstract = {ANYmal C is an autonomous four-legged robot capable of solving various inspection tasks in challenging industrial environments with a wide range of sensors.},
	language = {en-US},
	urldate = {2019-09-24},
	journal = {ANYbotics},
	author = {{ANYbotics}}
}

@misc{maxon_motor_ec60_nodate,
	type = {Store},
	title = {{EC}60 flat 60mm, brushless, 100 {W}, with {Hall} sensors},
	url = {https://www.maxongroup.com/maxon/view/catalog?etcc_med=ID+Teaser&etcc_cmp=ID-Teaser-Rebrush-Homepage&etcc_cu=onsite&etcc_var=%5bcom%5d%23en%23_d_&etcc_plc=home},
	urldate = {2019-09-23},
	journal = {maxon motor},
	author = {{maxon motor}},
	file = {maxon - Online Shop:C\:\\Users\\marco\\Zotero\\storage\\VW4TF9X3\\catalog.html:text/html}
}

@misc{harmonic_drive_csd-2a_nodate,
	type = {Store},
	title = {{CSD}-2A {Component} {Set} {\textbar} {Harmonic} {Drive}},
	url = {https://www.harmonicdrive.net/products/component-sets/cup-type/csd-2a},
	urldate = {2019-09-22},
	journal = {Harmonic Drive},
	author = {{Harmonic Drive}},
	file = {CSD-2A Component Set | Harmonic Drive:C\:\\Users\\marco\\Zotero\\storage\\A2QDPILN\\csd-2a.html:text/html}
}

@misc{precision_microdrives_reading_nodate,
	type = {Store},
	title = {Reading the {Motor} {Constants} from {Typical} {Performance} {Characteristics} - {Precision} {Microdrives}},
	url = {https://www.precisionmicrodrives.com/content/reading-the-motor-constants-from-typical-performance-characteristics/},
	abstract = {Precision Microdrives explains what DC Motor constraints are and provide the formulae so they can be calculated although their datasheets have the figures},
	language = {en-US},
	urldate = {2019-09-17},
	journal = {Reading the Motor Constants from Typical Performance Characteristics},
	author = {{Precision Microdrives}},
	file = {Snapshot:C\:\\Users\\marco\\Zotero\\storage\\KR7EVCAY\\reading-the-motor-constants-from-typical-performance-characteristics.html:text/html}
}

@misc{noauthor_machinist_nodate,
	title = {Machinist {Salary} in {Canada} {\textbar} {Wages}},
	url = {https://canadaimmigrants.com/machinist-salary-canada/},
	abstract = {In 2016, the median wage for machinists in Canada was \$24.8/hr. Compare salaries for machinists in Alberta, British Columbia, Saskatchewan, Manitoba, Ontario, Quebec, New Brunswick, Newfoundland, PEI, Nova Scotia, Northwest Territories, Nunavut, Yukon.},
	language = {en-US},
	urldate = {2019-09-24},
	file = {Snapshot:C\:\\Users\\marco\\Zotero\\storage\\TH6G4T4G\\machinist-salary-canada.html:text/html}
}

@misc{boston_dynamics_spot_2019,
	type = {Store},
	title = {Spot® {\textbar} {Boston} {Dynamics}},
	url = {https://www.bostondynamics.com/spot},
	urldate = {2019-09-24},
	journal = {Boston Dynamics},
	author = {{Boston Dynamics}},
	month = sep,
	year = {2019},
	file = {Spot® | Boston Dynamics:C\:\\Users\\marco\\Zotero\\storage\\FXSSHXZI\\spot.html:text/html}
}

@misc{mcmaster-carr_mcmaster-carr_nodate,
	title = {{McMaster}-{Carr}},
	url = {https://www.mcmaster.com/},
	abstract = {McMaster-Carr is the complete source for your plant with over 580,000 products. 98\% of products ordered ship from stock and deliver same or next day.},
	language = {en},
	urldate = {2019-09-25},
	journal = {McMaster-Carr},
	author = {{McMaster-Carr}},
	file = {Snapshot:C\:\\Users\\marco\\Zotero\\storage\\LUY343VK\\www.mcmaster.com.html:text/html}
}

@misc{amazon_amazon_nodate,
	title = {Amazon},
	shorttitle = {Amazon.ca},
	url = {https://www.amazon.ca/},
	abstract = {Canada’s largest online retailer. Free Shipping on eligible orders. Easy Returns. Shop now for Electronics, Books, Apparel \& much more. Try Prime for free.},
	language = {en-ca},
	urldate = {2019-09-25},
	journal = {Amazon},
	author = {{Amazon}},
	file = {Snapshot:C\:\\Users\\marco\\Zotero\\storage\\JXF3PCVE\\www.amazon.ca.html:text/html}
}

@misc{acklands-grainger_acklands-grainger_nodate,
	title = {Acklands-{Grainger}},
	url = {https://www.acklandsgrainger.com/en},
	urldate = {2019-09-25},
	journal = {Acklands-Grainger},
	author = {{Acklands-Grainger}},
	file = {Acklands-Grainger\: Industrial Supply, Safety Equipment and Fasteners - Acklands-Grainger, Canada:C\:\\Users\\marco\\Zotero\\storage\\BDCR93EM\\en.html:text/html}
}

@misc{metals_depot_metals_nodate,
	title = {Metals {Depot}},
	url = {https://www.metalsdepot.com/},
	abstract = {Buy Metal Online at Metals Depot - America's Metal Superstore! Largest selection of Steel, Aluminum, Stainless and Brass at Wholesale Prices ... Delivered Anywhere!},
	language = {en},
	urldate = {2019-09-25},
	journal = {Metals Depot},
	author = {{Metals Depot}},
	file = {Snapshot:C\:\\Users\\marco\\Zotero\\storage\\YWTKV6JG\\www.metalsdepot.com.html:text/html}
}

@misc{robots_shop_robotshop_nodate,
	title = {{RobotShop}},
	url = {https://www.robotshop.com/},
	abstract = {{\textbar} Robot Store {\textbar} Robots {\textbar} Robot Parts {\textbar} Robot Kits {\textbar} Robot Toys},
	urldate = {2019-09-25},
	journal = {Robots Shop},
	author = {{Robots Shop}},
	file = {RobotShop | Robot Store | Robots | Robot Parts | Robot Kits | Robot Toys:C\:\\Users\\marco\\Zotero\\storage\\LK5IYD5T\\www.robotshop.com.html:text/html}
}

@misc{electric_motor_wholesale_electric_nodate,
	title = {Electric {Motor} {Wholesale}},
	url = {http://www.electricmotorwholesale.com/},
	abstract = {- Wholesale Electric Motors and Drives},
	urldate = {2019-09-25},
	journal = {Electric Motor Wholesale},
	author = {{Electric Motor Wholesale}},
	file = {Electric Motor Wholesale - Wholesale Electric Motors and Drives:C\:\\Users\\marco\\Zotero\\storage\\Y3JG5QXR\\www.electricmotorwholesale.com.html:text/html}
}

@misc{summit_racing_summit_nodate,
	title = {Summit {Racing}},
	url = {https://www.summitracing.com/},
	abstract = {Get fast, Free Standard Shipping on orders over \$99.00 from Summit Racing Equipment -- no shipping, handling, or rural fees! Exclusions apply.},
	language = {en},
	urldate = {2019-09-25},
	journal = {Summit Racing Equipment},
	author = {{Summit Racing}},
	file = {Snapshot:C\:\\Users\\marco\\Zotero\\storage\\JT5I2KZ6\\www.summitracing.com.html:text/html}
}

@misc{global_industrial_canada_global_nodate,
	title = {Global {Industrial} {Canada}},
	url = {https://www.globalindustrial.ca/},
	urldate = {2019-09-25},
	journal = {Global Industrial Canada},
	author = {{Global Industrial Canada}},
	file = {Global Industrial Canada | Industrial Equipment & Solutions:C\:\\Users\\marco\\Zotero\\storage\\ADWJAVF6\\www.globalindustrial.ca.html:text/html}
}

@misc{speed-talk_finding_nodate,
	title = {Finding a custom crank maker - {Don} {Terrill}’s {Speed}-{Talk}},
	url = {https://www.speed-talk.com/forum/viewtopic.php?t=40581;},
	urldate = {2019-09-25},
	journal = {Speed-Talk},
	author = {{Speed-Talk}},
	file = {Finding a custom crank maker - Don Terrill’s Speed-Talk:C\:\\Users\\marco\\Zotero\\storage\\QPVV6QMH\\viewtopic.html:text/html}
}

@misc{hot_rod_network_hot_nodate,
	title = {Hot {Rod} {Network}},
	url = {https://www.hotrod.com/},
	abstract = {- Classic Muscle Cars, Custom Roadsters},
	language = {en-US},
	urldate = {2019-09-25},
	journal = {Hot Rod Network},
	author = {{Hot Rod Network}},
	file = {Snapshot:C\:\\Users\\marco\\Zotero\\storage\\87VYXBGP\\www.hotrod.com.html:text/html}
}

@misc{home_depot_home_nodate,
	title = {Home {Depot}},
	url = {https://www.homedepot.com/},
	urldate = {2019-09-25},
	journal = {Home Depot},
	author = {Home Depot},
	file = {The Home Depot:C\:\\Users\\marco\\Zotero\\storage\\AU2PIBVH\\www.homedepot.com.html:text/html}
}

@misc{lowes_canada_lowes_nodate,
	title = {Lowe's {Canada}},
	url = {https://www.lowes.ca/},
	abstract = {: Home Improvement, Appliances, Tools, Bathroom, Kitchen},
	urldate = {2019-09-25},
	journal = {Lowe's Canada},
	author = {{Lowe's Canada}},
	file = {Lowe's Canada\: Home Improvement, Appliances, Tools, Bathroom, Kitchen:C\:\\Users\\marco\\Zotero\\storage\\2FHBRFV3\\www.lowes.ca.html:text/html}
}

@misc{webo_solar_webo_nodate,
	title = {Webo {Solar}},
	url = {https://webosolar.com/store/en/},
	abstract = {Solar Energy Store With Great Customer Support -},
	urldate = {2019-09-25},
	journal = {Webo Solar},
	author = {{Webo Solar}},
	file = {Solar Energy Store With Great Customer Support - Webo Solar:C\:\\Users\\marco\\Zotero\\storage\\U7MX2W36\\en.html:text/html}
}

@misc{electromate_electromate_nodate,
	title = {Electromate},
	url = {https://www.electromate.com/},
	abstract = {Motion Control Products - Robotic \& Mechatronic Solutions},
	urldate = {2019-09-25},
	journal = {Electromate},
	author = {{Electromate}},
	file = {Motion Control Products - Robotic & Mechatronic Solutions:C\:\\Users\\marco\\Zotero\\storage\\7S3U2W6C\\www.electromate.com.html:text/html}
}

@misc{maxon_motor_maxon_nodate,
	title = {Maxon},
	url = {https://www.maxongroup.com/maxon/view/content/index},
	urldate = {2019-09-25},
	journal = {Maxon},
	author = {{Maxon Motor}},
	file = {Precision drive systems by maxon:C\:\\Users\\marco\\Zotero\\storage\\K784PFB3\\index.html:text/html}
}

@misc{18650_battery_store_18650_nodate,
	title = {18650 battery store},
	url = {https://www.18650batterystore.com/},
	urldate = {2019-09-25},
	journal = {18650 battery store},
	author = {{18650 battery store}},
	file = {18650 Battery Store | 18650 Lithium Ion Batteries, Chargers and Wraps:C\:\\Users\\marco\\Zotero\\storage\\2YV2ZVLQ\\www.18650batterystore.com.html:text/html}
}

@misc{rock_west_composites_rock_nodate,
	title = {Rock {West} {Composites}},
	url = {https://www.rockwestcomposites.com/},
	abstract = {- Engineered Carbon Fiber, Fiberglass \& Kevlar},
	urldate = {2019-09-25},
	journal = {Rock West Composites},
	author = {{Rock West Composites}},
	file = {Rock West Composites - Engineered Carbon Fiber, Fiberglass & Kevlar:C\:\\Users\\marco\\Zotero\\storage\\RRZZWYCI\\www.rockwestcomposites.com.html:text/html}
}

@misc{eplastics_eplastics_nodate,
	title = {{ePlastics}},
	url = {https://www.eplastics.com/},
	abstract = {Plastic Sheets, Rod, Tube \& Fabrication Services Since 1914 {\textbar} ePlastics®},
	urldate = {2019-09-25},
	journal = {ePlastics},
	author = {{ePlastics}},
	file = {Plastic Sheets, Rod, Tube & Fabrication Services Since 1914 | ePlastics®:C\:\\Users\\marco\\Zotero\\storage\\Z536RT3F\\www.eplastics.com.html:text/html}
}

@misc{3d_hubs_3d_nodate,
	title = {3D {Hubs}},
	url = {https://www.3dhubs.com/},
	abstract = {{\textbar} On-demand Manufacturing: Quotes in Seconds, Parts in Days},
	urldate = {2019-09-25},
	journal = {3D Hubs},
	author = {{3D Hubs}},
	file = {3D Hubs | On-demand Manufacturing\: Quotes in Seconds, Parts in Days:C\:\\Users\\marco\\Zotero\\storage\\DYS243XX\\www.3dhubs.com.html:text/html}
}

@misc{metal_supermarkets_metal_nodate,
	title = {{METAL} {SUPERMARKETS}},
	url = {https://ecommerce.metalsupermarkets.com/MSC-Home.aspx},
	abstract = {- Buy Metal Online - Small Quantity Orders for Aluminum, Stainless Steel, Hot Rolled Steel, Cold Rolled Steel for Delivery or Local Pickup},
	urldate = {2019-09-25},
	journal = {METAL SUPERMARKETS},
	author = {{METAL SUPERMARKETS}},
	file = {METAL SUPERMARKETS - Buy Metal Online - Small Quantity Orders for Aluminum, Stainless Steel, Hot Rolled Steel, Cold Rolled Steel for Delivery or Local Pickup:C\:\\Users\\marco\\Zotero\\storage\\N83S6BDJ\\MSC-Home.html:text/html}
}

@misc{alibaba_alibaba_nodate,
	title = {Alibaba},
	url = {https://www.alibaba.com},
	abstract = {Find quality Manufacturers, Suppliers, Exporters, Importers, Buyers, Wholesalers, Products and Trade Leads from our award-winning International Trade Site. Import \&amp; Export on alibaba.com},
	urldate = {2019-09-25},
	journal = {Alibaba},
	author = {{Alibaba}},
	file = {Snapshot:C\:\\Users\\marco\\Zotero\\storage\\5R8R6W7S\\www.alibaba.com.html:text/html}
}

@misc{tap_plastics_tap_nodate,
	title = {{TAP} {Plastics}},
	url = {https://www.tapplastics.com/},
	abstract = {Cut to Size, Polycarbonate \& Acrylic Plastics : TAP Plastics},
	urldate = {2019-09-25},
	journal = {TAP Plastics},
	author = {{TAP Plastics}},
	file = {Cut to Size, Polycarbonate & Acrylic Plastics \: TAP Plastics:C\:\\Users\\marco\\Zotero\\storage\\UIF7LMV9\\www.tapplastics.com.html:text/html}
}

@misc{payscale_payscale_nodate,
	title = {{PayScale}},
	url = {https://www.payscale.com},
	abstract = {Research and compare average salaries. Free September 2019 salary information matched to your exact job profile. Find out what you are worth.},
	language = {en-US},
	urldate = {2019-09-25},
	journal = {PayScale},
	author = {{PayScale}},
	file = {Snapshot:C\:\\Users\\marco\\Zotero\\storage\\J4B3QY98\\www.payscale.com.html:text/html}
}

@misc{indeed_indeed_nodate,
	title = {Indeed},
	url = {https://ca.indeed.com/},
	urldate = {2019-09-25},
	journal = {Indeed},
	author = {{Indeed}},
	file = {Job Search Canada | Indeed:C\:\\Users\\marco\\Zotero\\storage\\ULES9LEK\\ca.indeed.com.html:text/html}
}

@misc{digikey_digikey_nodate,
	title = {{DigiKey}},
	url = {https://www.digikey.com/},
	abstract = {Electronics - Electronic Components Distributor},
	urldate = {2019-09-25},
	journal = {DigiKey},
	author = {{DigiKey}},
	file = {DigiKey Electronics - Electronic Components Distributor:C\:\\Users\\marco\\Zotero\\storage\\CSLRQU8H\\www.digikey.com.html:text/html}
}

@misc{canadian_tire_canadian_nodate,
	title = {Canadian {Tire}},
	url = {https://www.canadiantire.ca/en.html},
	abstract = {Get anything from auto parts to home décor, outdoor living products, fitness/sports equipment, tools and more at Canadian Tire online or one of 500+ stores.},
	language = {en},
	urldate = {2019-09-25},
	journal = {Canadian Tire},
	author = {{Canadian Tire}},
	file = {Snapshot:C\:\\Users\\marco\\Zotero\\storage\\LRIIYNQD\\en.html:text/html}
}

@misc{gioco_solutions_installation_2018,
	title = {installation of flexible solar panel, fixing, accessories},
	url = {http://www.giocosolutions.net/install-a-flexible-solar-panel/},
	abstract = {installation of flexible solar panel on my caravan’s roof? Can I do it by myself? What kind of fixing can I use? here all the answers},
	language = {it-IT},
	urldate = {2019-09-25},
	journal = {GIOCO SOLUTIONS Srl},
	author = {{Gioco Solutions}},
	month = jan,
	year = {2018}
}

@misc{3m_3m_nodate,
	type = {Store},
	title = {3M {VHB}™ {Tapes} {\textbar} 3M},
	url = {https://www.3m.com/3M/en_US/vhb-tapes-us/},
	abstract = {Create durable bonds that actually get stronger over time with our high-strength, VHB tapes. Eliminate mechanical fasteners for good.},
	language = {en-US},
	urldate = {2019-09-25},
	journal = {3M},
	author = {3M},
	file = {Snapshot:C\:\\Users\\marco\\Zotero\\storage\\B3XQ576F\\vhb-tapes-us.html:text/html}
}

@misc{panasonic_industrial_devices_specifications_nodate,
	type = {Store},
	title = {Specifications for {NCR}18650BD},
	url = {https://b2b-api.panasonic.eu/file_stream/pids/fileversion/3445},
	urldate = {2019-09-25},
	journal = {Panasoninc Industrial Devices},
	author = {{Panasonic Industrial Devices}},
	file = {Electronic Components | Panasonic Industrial Devices:C\:\\Users\\marco\\Zotero\\storage\\PQ9G3YLC\\na.industrial.panasonic.com.html:text/html}
}

@inproceedings{kau_stanford_2019,
	address = {Montreal, QC, Canada},
	title = {Stanford {Doggo}: {An} {Open}-{Source}, {Quasi}-{Direct}-{Drive} {Quadruped}},
	isbn = {978-1-5386-6027-0},
	shorttitle = {Stanford {Doggo}},
	url = {https://ieeexplore.ieee.org/document/8794436/},
	doi = {10.1109/ICRA.2019.8794436},
	language = {en},
	urldate = {2019-09-08},
	booktitle = {2019 {International} {Conference} on {Robotics} and {Automation} ({ICRA})},
	publisher = {IEEE},
	author = {Kau, Nathan and Schultz, Aaron and Ferrante, Natalie and Slade, Patrick},
	month = may,
	year = {2019},
	pages = {6309--6315}
}

@misc{the_big_bearing_store_big_nodate,
	title = {The {Big} {Bearing} {Store}},
	url = {https://www.thebigbearingstore.com/},
	abstract = {Bearings - Power Transmission Specialists - The Big Bearing Store},
	urldate = {2019-09-25},
	journal = {The Big Bearing Store},
	author = {{The Big Bearing Store}},
	file = {Bearings - Power Transmission Specialists - The Big Bearing Store:C\:\\Users\\marco\\Zotero\\storage\\V6VUX5IA\\www.thebigbearingstore.com.html:text/html}
}

@misc{robot_platform_robot_nodate,
	type = {forum},
	title = {Robot {Platform} {\textbar} {Knowledge} {\textbar} {Wheeled} {Robots}},
	url = {http://www.robotplatform.com/knowledge/Classification_of_Robots/legged_robots.html},
	urldate = {2019-09-25},
	journal = {robot platform},
	author = {{robot platform}},
	file = {Robot Platform | Knowledge | Wheeled Robots:C\:\\Users\\marco\\Zotero\\storage\\CBB95225\\legged_robots.html:text/html}
}

@misc{lambert_tear_2016,
	title = {Tear down of 85 {kWh} {Tesla} battery pack shows it could actually only be a 81 {kWh} pack [{Updated}]},
	url = {https://electrek.co/2016/02/03/tesla-battery-tear-down-85-kwh/},
	abstract = {Tesla Model S owner and battery tinkerer Jason Hughes published this week some of his findings following his tear down of several Tesla battery packs. Hughes is best known among the Tesla community for salvaging two Tesla Model S battery packs in order to create a massive energy storage system for his off-grid residential solar …},
	language = {en-US},
	urldate = {2019-09-15},
	journal = {Electrek},
	author = {Lambert, Fred},
	month = feb,
	year = {2016},
	file = {Snapshot:C\:\\Users\\marco\\Zotero\\storage\\DRI2RF3J\\tesla-battery-tear-down-85-kwh.html:text/html}
}

@misc{18650batterystore_18650_nodate,
	type = {Store},
	title = {18650 {Batteries} - {Rechargeable} {Lithium} {Ion} {\textbar} 18650 {Battery} {Store}},
	url = {https://www.18650batterystore.com/18650-Batteries-s/106.htm},
	urldate = {2019-09-15},
	journal = {18650 Batteries},
	author = {{18650batterystore}},
	file = {18650 Batteries - Rechargeable Lithium Ion | 18650 Battery Store:C\:\\Users\\marco\\Zotero\\storage\\6PJEK9VC\\106.html:text/html}
}

@misc{nvidia_jetson_2018,
	type = {Data {Sheet}},
	title = {{JETSON} {TX}2 {AND} {TX}2i {DATASHEET}},
	url = {http://static6.arrow.com/aropdfconversion/766a44ea9100e05d6acca62618622b4380fe242b/jetson_tx2_tx2i_module_datasheet_v01.pdf},
	urldate = {2019-09-14},
	author = {{NVIDIA}},
	year = {2018}
}

@misc{gadget_makers_blog_arduino_2013,
	type = {Blog},
	title = {Arduino {Power} {Consumption}},
	url = {https://www.gadgetmakersblog.com/arduino-power-consumption/},
	abstract = {Understand Arduino Power Consumption and extend the battery life by reducing Arduino's current draw in 26\% to 97\%},
	language = {en-US},
	urldate = {2019-09-14},
	journal = {Gadget Makers' Blog},
	author = {{Gadget Makers' Blog}},
	month = sep,
	year = {2013},
	file = {Snapshot:C\:\\Users\\marco\\Zotero\\storage\\KD9ACZS4\\arduino-power-consumption.html:text/html}
}

@misc{raspi.tv_how_2019,
	title = {How much power does the {Pi}4B use? {Power} {Measurements}},
	shorttitle = {How much power does the {Pi}4B use?},
	url = {https://raspi.tv/2019/how-much-power-does-the-pi4b-use-power-measurements},
	abstract = {Each time a new Pi comes out, I usually publish some power consumption figures, mainly for those people who want to estimate battery durations. So my tests are quite simple. Procedure With just an …},
	language = {en-US},
	urldate = {2019-09-14},
	journal = {RasPi.TV},
	author = {{RasPi.TV}},
	month = jun,
	year = {2019},
	file = {Snapshot:C\:\\Users\\marco\\Zotero\\storage\\IYE9AGLU\\how-much-power-does-the-pi4b-use-power-measurements.html:text/html}
}

@misc{redarc_electronics_redarc_nodate,
	title = {{REDARC}},
	url = {https://www.redarc.com.au/},
	abstract = {REDARC Electronics: Automotive Electronics, Accessories \& Equipment {\textbar} REDARC Electronics},
	urldate = {2019-09-25},
	journal = {REDARC Electronics},
	author = {{REDARC Electronics}},
	file = {REDARC Electronics\: Automotive Electronics, Accessories & Equipment | REDARC Electronics:C\:\\Users\\marco\\Zotero\\storage\\DKS6LCY3\\www.redarc.com.au.html:text/html}
}