
@misc{18650batterystore_18650_nodate,
	type = {Store},
	title = {18650 {Batteries} - {Rechargeable} {Lithium} {Ion} {\textbar} 18650 {Battery} {Store}},
	url = {https://www.18650batterystore.com/18650-Batteries-s/106.htm},
	urldate = {2019-09-15},
	journal = {18650 Batteries},
	author = {{18650batterystore}},
	file = {18650 Batteries - Rechargeable Lithium Ion | 18650 Battery Store:C\:\\Users\\Joshua\\Zotero\\storage\\6PJEK9VC\\106.html:text/html}
}

@misc{maxon_motor_ec60_2019,
	type = {Store},
	title = {{EC}60 flat 60mm, brushless, 100 {W}, with {Hall} sensors},
	url = {https://www.maxongroup.com/maxon/view/catalog?etcc_med=ID+Teaser&etcc_cmp=ID-Teaser-Rebrush-Homepage&etcc_cu=onsite&etcc_var=%5bcom%5d%23en%23_d_&etcc_plc=home},
	urldate = {2019-09-23},
	journal = {maxon motor},
	author = {{maxon motor}},
	year = {2019},
	file = {maxon - Online Shop:C\:\\Users\\Joshua\\Zotero\\storage\\VW4TF9X3\\catalog.html:text/html}
}

@misc{harmonic_drive_csd-2a_2019,
	type = {Store},
	title = {{CSD}-2A {Component} {Set} {\textbar} {Harmonic} {Drive}},
	url = {https://www.harmonicdrive.net/products/component-sets/cup-type/csd-2a},
	urldate = {2019-09-22},
	journal = {Harmonic Drive},
	author = {{Harmonic Drive}},
	year = {2019},
	file = {CSD-2A Component Set | Harmonic Drive:C\:\\Users\\Joshua\\Zotero\\storage\\A2QDPILN\\csd-2a.html:text/html}
}

@misc{al-jarrah_mcg4134:_2019,
	title = {{MCG}4134: {Robot} {Design} and {Control}},
	language = {English},
	author = {Al-Jarrah, Ahmad},
	month = jan,
	year = {2019}
}

@misc{digikey_electronics_battery_nodate,
	type = {Store},
	title = {Battery {Life} {Calculator} {\textbar} {DigiKey} {Electronics}},
	url = {https://www.digikey.com/en/resources/conversion-calculators/conversion-calculator-battery-life},
	urldate = {2019-10-02},
	journal = {DigiKey Electronics},
	author = {{DigiKey Electronics}},
	file = {Battery Life Calculator | DigiKey Electronics:C\:\\Users\\Joshua\\Zotero\\storage\\8HSBVRGE\\conversion-calculator-battery-life.html:text/html}
}

@misc{voltaplex_6s16s_nodate,
	type = {Store},
	title = {6S–16S (22.2V–74V, {Adjustable}) 100A max. {BMS} {Battery} {Management} {System} for {Lithium}-ion {Battery} {Pack} with {Balancing} and {Communication}},
	url = {https://voltaplex.com/22-2v-59-2v-pcb-bms-battery-management-system-for-lithium-ion-battery-pack},
	abstract = {This 6S – 16S battery management system (BMS) is a comprehensive circuit board for managing a medium to large format li-ion battery pack. Choose a BMS when you require added layers of safety, increased performance and an intelligence overlay. Many of our},
	language = {en},
	urldate = {2019-10-02},
	journal = {Voltaplex Lithium Ion Battery Packs},
	author = {{Voltaplex}},
	file = {Snapshot:C\:\\Users\\Joshua\\Zotero\\storage\\2SLHCKXW\\22-2v-59-2v-pcb-bms-battery-management-system-for-lithium-ion-battery-pack.html:text/html}
}

@misc{pop_mixing_nodate,
	title = {Mixing solar panels – {Dos} and {Don}’ts • {SOLAR} {PANEL} {SECRETS} {EXPOSED}},
	url = {https://solarpanelsvenue.com/mixing-solar-panels/},
	abstract = {Mixing Solar Panels: Discover Now Dos and Dont's of Mixing the Same Types or Different Types of Solar Panels. Act Now to Save Your Money!},
	language = {en-US},
	urldate = {2019-10-28},
	journal = {SOLAR PANEL SECRETS EXPOSED},
	author = {Pop, Lacho},
	file = {Snapshot:C\:\\Users\\Joshua\\Zotero\\storage\\C5L2SZVJ\\mixing-solar-panels.html:text/html}
}

@book{juvinall_fundamentals_2012,
	edition = {5},
	title = {Fundamentals of {Machine} {Component} {Design}},
	publisher = {Wiley},
	author = {Juvinall, Robert C. and Marshek, Kurt M.},
	year = {2012}
}

@misc{matweb_asm_nodate,
	title = {{ASM} {Material} {Data} {Sheet}},
	url = {http://asm.matweb.com/search/SpecificMaterial.asp?bassnum=MA6061T6},
	urldate = {2019-10-27},
	journal = {Aluminum 6061-T6; 6061-T651},
	author = {{Matweb}},
	file = {ASM Material Data Sheet:C\:\\Users\\Joshua\\Zotero\\storage\\VSEEHI5Z\\SpecificMaterial.html:text/html}
}

@misc{metal_supermarkets_marine_2017,
	title = {Marine {Grade} {Metals}},
	url = {https://www.metalsupermarkets.com/marine-grade-metals/},
	abstract = {When a metal is exposed to underwater or wet environments, marine grade metals may be necessary to prevent the material from failing under the conditions.},
	language = {en-US},
	urldate = {2019-10-27},
	journal = {Metal Supermarkets - Steel, Aluminum, Stainless, Hot-Rolled, Cold-Rolled, Alloy, Carbon, Galvanized, Brass, Bronze, Copper},
	author = {{Metal Supermarkets}},
	month = apr,
	year = {2017},
	file = {Snapshot:C\:\\Users\\Joshua\\Zotero\\storage\\IV6J8RIF\\marine-grade-metals.html:text/html}
}

@book{budynas_shigleys_2015,
	edition = {10},
	title = {Shigley's {Mechanical} {Engineering} {Design}},
	isbn = {0-07-339821-7},
	url = {https://www.amazon.com/Shigleys-Mechanical-Engineering-Richard-Budynas/dp/0073398217},
	language = {English},
	urldate = {2019-10-31},
	publisher = {McGraw-Hill Education},
	author = {Budynas, Richard G. and Nisbett, J. Keith},
	year = {2015}
}

@misc{noauthor_ast650_nodate,
	title = {{AST}650 {Cast} {Bronze} with solid lubricant plugs - {Metric}  {\textbar} {AST} {Bearings}},
	url = {https://www.astbearings.com/ast650-cast-bronze-solid-lubricant.html},
	urldate = {2019-11-05},
	file = {AST650 Cast Bronze with solid lubricant plugs - Metric  | AST Bearings:C\:\\Users\\Joshua\\Zotero\\storage\\2YTIKUK2\\ast650-cast-bronze-solid-lubricant.html:text/html}
}

@misc{daemar_inc_bushing_2013,
	title = {Bushing {PV} {Calculations}},
	url = {https://daemar.com/bushing-pv-calculations.html/},
	abstract = {Bushing PV calculations has considerable influence on determining the bearings useful operating life.},
	language = {en-US},
	urldate = {2019-11-05},
	journal = {Daemar Inc},
	author = {Daemar Inc},
	month = oct,
	year = {2013},
	file = {Snapshot:C\:\\Users\\Joshua\\Zotero\\storage\\F3J38D8S\\bushing-pv-calculations.html:text/html}
}

@misc{matweb_aluminum_nodate,
	title = {Aluminum 6061-{T}6; 6061-{T}651},
	url = {http://www.matweb.com/search/datasheet_print.aspx?matguid=1b8c06d0ca7c456694c7777d9e10be5b},
	urldate = {2019-11-07},
	author = {Matweb},
	file = {Aluminum 6061-T6\; 6061-T651:C\:\\Users\\Joshua\\Zotero\\storage\\NSR9ZEVE\\datasheet_print.html:text/html}
}

@misc{quality_bearings_and_components_flanged_nodate,
	title = {{FLANGED} {SLEEVE} {BEARINGS} {\textbar} {Standard} {Series} - {Inch}},
	url = {https://www.qbcbearings.com/BuyRFQ/SleeveB_StandardS_F_SB_I.php},
	abstract = {QBC has a large selection of Standard Series Sleeve Bearings and other sleeve bearing products, FREE CATALOG.},
	urldate = {2019-11-07},
	author = {{Quality Bearings and Components}},
	file = {Snapshot:C\:\\Users\\Joshua\\Zotero\\storage\\8KWS9YIF\\SleeveB_StandardS_F_SB_I.html:text/html}
}

@misc{azom_aisi_2012,
	type = {Articles},
	title = {{AISI} 1018 {Mild}/{Low} {Carbon} {Steel}},
	url = {https://www.azom.com/article.aspx?ArticleID=6115},
	language = {English},
	urldate = {2019-11-07},
	author = {{Azom}},
	month = jul,
	year = {2012},
	file = {AISI 1018 Mild/Low Carbon Steel:C\:\\Users\\Joshua\\Zotero\\storage\\R84L3C3Q\\article.html:text/html}
}

@misc{omnexus_polycarbonate_nodate,
	title = {Polycarbonate ({PC}) {Plastic}: {Properties}, {Uses}, \& {Structure} - {Guide}},
	shorttitle = {Polycarbonate ({PC}) {Plastic}},
	url = {https://omnexus.specialchem.com/selection-guide/polycarbonate-pc-plastic},
	abstract = {Find the main properties, uses, strength, applications and processing guide for Polycarbonate a high-performance tough, amorphous and transparent thermoplastic.},
	language = {en},
	urldate = {2019-11-07},
	author = {{Omnexus}},
	file = {Snapshot:C\:\\Users\\Joshua\\Zotero\\storage\\TUAAWBMD\\polycarbonate-pc-plastic.html:text/html}
}

@misc{ahsan_mcg3131:_2018,
	address = {University of Ottawa},
	title = {{MCG}3131: {Machine} {Design}},
	language = {English},
	urldate = {2019-11-09},
	author = {Ahsan, Ahmed},
	year = {2018}
}

@misc{nord-lock_group_should_2010,
	type = {Store},
	title = {Should {I} choose fine or coarse threaded bolts?},
	url = {https://www.nord-lock.com/insights/bolting-tips/2010/choose-fine-or-coarse-thread-bolts/},
	abstract = {Threaded fasteners are commonly used in bolted joints, but what is the difference between fine and coarse threaded bolts?},
	language = {en},
	urldate = {2019-11-10},
	journal = {Nord-Lock Group},
	author = {{Nord-Lock Group}},
	month = sep,
	year = {2010},
	file = {Snapshot:C\:\\Users\\Joshua\\Zotero\\storage\\3MJSEH9P\\choose-fine-or-coarse-thread-bolts.html:text/html}
}

@misc{custom_rubber_corp_rubber_nodate,
	title = {Rubber {Molded} {Bellows}},
	url = {https://www.customrubbercorp.com/Applications/convoluted-boots-and-tubes},
	abstract = {Molded rubber bellows and convoluted tubes can be designed and engineered for any length of travel or direction of flex. Custom Rubber Corp. has the experience to insure the rubber bellows is one of the most robust components in your assembly.},
	urldate = {2019-11-10},
	author = {{Custom Rubber Corp}},
	file = {Snapshot:C\:\\Users\\Joshua\\Zotero\\storage\\IE9MQH4V\\rubber-bellows.html:text/html}
}

@misc{maxon_motor_maxon_2014,
	title = {maxon {DC} motor and maxon {EC} motor {Key} information},
	url = {https://www.maxongroup.com/medias/sys_master/8815460712478.pdf?attachment=true},
	language = {English},
	urldate = {2019-09-30},
	publisher = {maxon motor},
	author = {{maxon motor}},
	month = nov,
	year = {2014}
}

@misc{gates_mectrol_urethane_2018,
	title = {Urethane {Belt} {Program}},
	url = {http://www.gatesmectrol.com/common/downloads/files/mectrol/brochure/GatesMectrol_Belt_Pulley_Catalog.pdf},
	urldate = {2019-10-30},
	author = {{Gates Mectrol}},
	year = {2018}
}

@misc{gates_mectrol_timing_2006,
	title = {Timing {Belt} {Theory}},
	url = {http://www.gatesmectrol.com/mectrol/downloads/download_common.cfm?file=Belt_Theory06sm.pdf&folder=brochure},
	urldate = {2019-10-21},
	author = {Gates Mectrol},
	year = {2006}
}

@misc{listertube_tube_nodate,
	title = {Tube {Bending} {Design} {Guide} {\textbar} {Listertube} {Tube} {Engineering} {Services}},
	url = {https://www.listertube.com/links/tube-bending-design-guide/},
	abstract = {Learn what goes into a tube bending project online now with our tube bending design guide.View our online guide for more information here at listertube.},
	language = {en-GB},
	urldate = {2019-11-20},
	journal = {Tube Engineering Services},
	author = {{listertube}},
	file = {Snapshot:C\:\\Users\\Joshua\\Zotero\\storage\\YX9AKKXK\\tube-bending-design-guide.html:text/html}
}

@misc{environment_and_climate_change_canada_solar_nodate,
	title = {Solar {Radiation} - {Hourly} data for {Ottawa} ({Kanata} - {Orléans})},
	url = {https://ottawa.weatherstats.ca/charts/solar_radiation-hourly.html},
	abstract = {Chart and data: Solar Radiation - Hourly data (24 hours) for Ottawa (Kanata - Orléans) for Ottawa (Kanata - Orléans), Ontario, Canada},
	language = {en},
	urldate = {2019-11-19},
	journal = {Amateur Weather Statistics for Ottawa (Kanata - Orléans), Ontario},
	author = {{Environment and Climate Change Canada}},
	file = {Snapshot:C\:\\Users\\Joshua\\Zotero\\storage\\7LTR5A5T\\solar_radiation-hourly.html:text/html}
}

@misc{sunpower_solar_2018,
	type = {Text},
	title = {Solar {Panels}},
	url = {https://us.sunpower.com/products/solar-panels},
	abstract = {Explore the SunPower® product line and learn how our solar panels are more efficient and long-lasting compared to conventional brands.},
	language = {en},
	urldate = {2019-11-19},
	journal = {SunPower - United States},
	author = {SunPower},
	month = jan,
	year = {2018},
	file = {Snapshot:C\:\\Users\\Joshua\\Zotero\\storage\\CPEZJ7GY\\solar-panels.html:text/html}
}

@misc{ntn_bearing_deep_nodate,
	title = {Deep {Groove} {Ball} {Bearings} {\textbar} {NTN} {Bearing}},
	url = {http://www.ntnamericas.com/en/products/ball-bearings/deep-groove},
	urldate = {2019-11-15},
	author = {{NTN Bearing}},
	file = {Deep Groove Ball Bearings | NTN Bearing:C\:\\Users\\Joshua\\Zotero\\storage\\34Q3654E\\deep-groove.html:text/html}
}