
@misc{18650batterystore_panasonic_2019,
	type = {Store},
	title = {Panasonic {NCR}18650B 3400mAh 4.9A {Battery}},
	url = {https://www.18650batterystore.com/Panasonic-18650-p/panasonic-ncr18650b.htm},
	urldate = {2019-09-15},
	journal = {18650 Batteries},
	author = {{18650batterystore}},
	year = {2019}
}

@misc{harmonic_drive_csd-2a_2019,
	type = {Store},
	title = {{CSD}-2A {Component} {Set} {\textbar} {Harmonic} {Drive}},
	url = {https://www.harmonicdrive.net/products/component-sets/cup-type/csd-2a},
	urldate = {2019-09-22},
	journal = {Harmonic Drive},
	author = {{Harmonic Drive}},
	year = {2019}

@misc{voltaplex_6s16s_nodate,
	type = {Store},
	title = {6S–16S (22.2V–74V, {Adjustable}) 100A max. {BMS} {Battery} {Management} {System} for {Lithium}-ion {Battery} {Pack} with {Balancing} and {Communication}},
	url = {https://voltaplex.com/22-2v-59-2v-pcb-bms-battery-management-system-for-lithium-ion-battery-pack},
	abstract = {This 6S – 16S battery management system (BMS) is a comprehensive circuit board for managing a medium to large format li-ion battery pack. Choose a BMS when you require added layers of safety, increased performance and an intelligence overlay. Many of our},
	language = {en},
	urldate = {2019-10-02},
	journal = {Voltaplex Lithium Ion Battery Packs},
	author = {{Voltaplex}}
}

@misc{metal_supermarkets_marine_2017,
	title = {Marine {Grade} {Metals}},
	url = {https://www.metalsupermarkets.com/marine-grade-metals/},
	abstract = {When a metal is exposed to underwater or wet environments, marine grade metals may be necessary to prevent the material from failing under the conditions.},
	language = {en-US},
	urldate = {2019-10-27},
	journal = {Metal Supermarkets - Steel, Aluminum, Stainless, Hot-Rolled, Cold-Rolled, Alloy, Carbon, Galvanized, Brass, Bronze, Copper},
	author = {{Metal Supermarkets}},
	month = apr,
	year = {2017}
}

@misc{matweb_aluminum_2019,
	title = {Aluminum 6061-{T}6; 6061-{T}651},
	url = {http://www.matweb.com/search/datasheet_print.aspx?matguid=1b8c06d0ca7c456694c7777d9e10be5b},
	urldate = {2019-11-07},
	author = {Matweb},
	year = {2019}
}

@misc{custom_rubber_corp_rubber_2019,
	type = {Store},
	title = {Rubber {Molded} {Bellows}},
	url = {https://www.customrubbercorp.com/Applications/convoluted-boots-and-tubes},
	abstract = {Molded rubber bellows and convoluted tubes can be designed and engineered for any length of travel or direction of flex. Custom Rubber Corp. has the experience to insure the rubber bellows is one of the most robust components in your assembly.},
	urldate = {2019-11-10},
	journal = {Custom Rubber Corp},
	author = {{Custom Rubber Corp}},
	year = {2019}
}

@misc{maxon_motor_maxon_2014,
	title = {maxon {DC} motor and maxon {EC} motor {Key} information},
	url = {https://www.maxongroup.com/medias/sys_master/8815460712478.pdf?attachment=true},
	language = {English},
	urldate = {2019-09-30},
	publisher = {maxon motor},
	author = {{maxon motor}},
	month = nov,
	year = {2014}
}

@misc{gates_mectrol_urethane_2018,
	title = {Urethane {Belt} {Program}},
	url = {http://www.gatesmectrol.com/common/downloads/files/mectrol/brochure/GatesMectrol_Belt_Pulley_Catalog.pdf},
	urldate = {2019-10-30},
	author = {{Gates Mectrol}},
	year = {2018}
}

@misc{sunpower_solar_2018,
	type = {Text},
	title = {Solar {Panels}},
	url = {https://us.sunpower.com/products/solar-panels},
	abstract = {Explore the SunPower® product line and learn how our solar panels are more efficient and long-lasting compared to conventional brands.},
	language = {en},
	urldate = {2019-11-19},
	journal = {SunPower - United States},
	author = {SunPower},
	month = jan,
	year = {2018}
}

@misc{weigl_madcowswe/odrivehardware_2019,
	title = {madcowswe/{ODriveHardware}},
	copyright = {MIT},
	url = {https://github.com/madcowswe/ODriveHardware},
	abstract = {High performance motor control. Contribute to madcowswe/ODriveHardware development by creating an account on GitHub.},
	urldate = {2019-12-02},
	author = {Weigl, Oskar},
	month = dec,
	year = {2019},
	note = {original-date: 2016-05-31T21:35:29Z}
}

@misc{inertial_sense_ins+rtk_2019,
	type = {Store},
	title = {µ{INS}+{RTK} {Module}},
	url = {https://inertialsense.com/product/ins/},
	abstract = {Miniature calibrated GPS aided Inertial Navigation System (GPS-INS) that provides attitude/orientation, velocity, and position. Real Time-Kinematic (RTK) Position Accuracy. For volume pricing purchases and additional discounts, contact us.},
	language = {en-US},
	urldate = {2019-12-02},
	journal = {Inertial Sense},
	author = {{Inertial Sense}},
	year = {2019}
}

@misc{maxbotixs_mb7395_2017,
	type = {Store},
	title = {{MB}7395 {HRXL}-{MaxSonar}-{WRBT}},
	url = {https://www.maxbotix.com/Ultrasonic_Sensors/MB7395.htm},
	abstract = {The weather resistant HRXL-MaxSonar-WRBT is a rugged, ultrasonic sensor component module. This outdoor sensor provides wide-angled detection and ranging out to five feet in a compact, robust PVC housing. The ultrasonic sensor meets the IP67 water intrusion standard and matches standard electrical 3/4‑inch PVC pipe fittings. The HRXL-MaxSonar-WRBT MB7395 ultrasonic sensor features a maximum range…},
	language = {en},
	urldate = {2019-12-02},
	journal = {MaxBotix Inc.},
	author = {{MaxBotixs}},
	year = {2017}
}

@misc{mcmaster-carr_plastic_2019,
	type = {Store},
	title = {Plastic {Submersible} {Cord} {Grips}},
	url = {https://www.mcmaster.com/7310K35},
	language = {en},
	urldate = {2019-12-02},
	journal = {McMaster-Carr},
	author = {{McMaster-Carr}},
	year = {2019}
}

@misc{mcmaster-carr_tamper_2019,
	type = {Store},
	title = {Tamper {Resistant} {Bolts}},
	url = {https://www.mcmaster.com/},
	abstract = {Choose from our selection of tamper-resistant bolts, including over 600 products in a wide range of styles and sizes. In stock and ready to ship.},
	language = {en},
	urldate = {2019-12-02},
	journal = {McMaster-Carr},
	author = {{McMaster-Carr}},
	year = {2019}

@misc{nvidia_jetson_2015,
	type = {Documentation},
	title = {Jetson {Download} {Center} - {Jetson} {TX}2 {Module}},
	url = {https://developer.nvidia.com/embedded/downloads},
	abstract = {Get downloadable documentation, software, and other resources for the NVIDIA Jetson ecosystem.},
	language = {en},
	urldate = {2019-12-03},
	journal = {NVIDIA Developer},
	author = {{NVIDIA}},
	month = nov,
	year = {2015}
}

@misc{corrigan_12_2019,
	type = {Text},
	title = {12 {Top} {Collision} {Avoidance} {Drones} {And} {Obstacle} {Detection} {Explained}},
	copyright = {https://www.dronezon.com/},
	url = {https://www.dronezon.com/learn-about-drones-quadcopters/top-drones-with-obstacle-detection-collision-avoidance-sensors-explained/},
	abstract = {Top drones with collision avoidance from Skydio, DJI, Yuneec etc. How obstacle detection works using Monocular, Vision, IR, Lidar, ToF, Ultrasonic sensors and SLAM},
	language = {en\_US},
	urldate = {2019-12-03},
	journal = {DroneZon},
	author = {Corrigan, Fintan},
	month = oct,
	year = {2019}
}

@misc{unmanned_systems_technology_selecting_2018,
	type = {Newsletter},
	title = {Selecting an {Inertial} {Measurement} {Unit} ({IMU}) for {UAV} {Applications}},
	url = {https://www.unmannedsystemstechnology.com/2018/11/selecting-an-inertial-measurement-unit-imu-for-uav-applications/},
	abstract = {Inertial Measurement Units are essential for UAV control and navigation. This article explores the technologies available and the suitability for each type of UAV application.},
	language = {en-US},
	urldate = {2019-12-03},
	journal = {Unmanned Systems Technology},
	author = {{Unmanned Systems Technology}},
	month = nov,
	year = {2018}
}

@book{raspberry_pi_raspberry_nodate,
	title = {Raspberry {Pi} 4 {Model} {B} specifications – {Raspberry} {Pi}},
	url = {https://www.raspberrypi.org},
	urldate = {2019-09-14},
	author = {{Raspberry Pi}}
}

@book{raspi.tv_how_2019,
	title = {How much power does the {Pi}4B use? {Power} {Measurements}},
	shorttitle = {How much power does the {Pi}4B use?},
	url = {https://raspi.tv/2019/how-much-power-does-the-pi4b-use-power-measurements},
	abstract = {Each time a new Pi comes out, I usually publish some power consumption figures, mainly for those people who want to estimate battery durations. So my tests are quite simple. Procedure With just an …},
	language = {en-US},
	urldate = {2019-09-14},
	author = {{RasPi.TV}},
	month = jun,
	year = {2019}
}

@book{larabel_benchmarks_2017,
	title = {Benchmarks {Of} {Many} {ARM} {Boards} {From} {The} {Raspberry} {Pi} {To} {NVIDIA} {Jetson} {TX}2 - {Phoronix}},
	shorttitle = {Jetson {TX}2 {ARM} benchmark},
	url = {https://www.phoronix.com/scan.php?page=article&item=march-2017-arm&num=3},
	urldate = {2019-09-14},
	author = {Larabel, Michael},
	month = mar,
	year = {2017}
}

@misc{qbc_bearings_flanged_2019,
	type = {Store},
	title = {{FLANGED} {SLEEVE} {BEARINGS} {\textbar} {Standard} {Series} - {Inch}},
	url = {https://www.qbcbearings.com/BuyRFQ/SleeveB_StandardS_F_SB_I.php},
	abstract = {QBC has a large selection of Standard Series Sleeve Bearings and other sleeve bearing products, FREE CATALOG.},
	urldate = {2019-12-03},
	journal = {QBC Bearings},
	author = {{QBC Bearings}},
	year = {2019}
}

@misc{mathworks_vectorization_2019,
	type = {Software},
	title = {Vectorization - {MATLAB} \& {Simulink}},
	url = {https://www.mathworks.com/help/matlab/matlab_prog/vectorization.html},
	urldate = {2019-12-04},
	journal = {MathWorks},
	author = {{MathWorks}},
	year = {2019}

@misc{ng_gradient_nodate,
	type = {Learning},
	title = {Gradient {Descent} for {Multiple} {Variables} - {Linear} {Regression} with {Multiple} {Variables}},
	url = {https://www.coursera.org/lecture/machine-learning/gradient-descent-for-multiple-variables-Z9DKX},
	abstract = {Video created by Stanford University for the course "Machine Learning".  What if your input has more than one value? In this module, we show how linear regression can be extended to accommodate multiple input features. We also discuss best ...},
	language = {en},
	urldate = {2019-12-04},
	journal = {Coursera},
	author = {Ng, Andrew}
}

@misc{kathuria_intro_2018,
	type = {Blog},
	title = {Intro to optimization in deep learning: {Gradient} {Descent}},
	shorttitle = {Intro to optimization in deep learning},
	url = {https://blog.paperspace.com/intro-to-optimization-in-deep-learning-gradient-descent/},
	abstract = {An in-depth explanation of Gradient Descent, and how to avoid the problems of local minima and saddle points.},
	language = {en},
	urldate = {2019-12-04},
	journal = {Paperspace Blog},
	author = {Kathuria, Ayoosh},
	month = jun,
	year = {2018},
	file = {Snapshot:C\:\\Users\\Joshua\\Zotero\\storage\\LT85Z4MA\\intro-to-optimization-in-deep-learning-gradient-descent.html:text/html}
}

@misc{spiroidgearing_worm_2019,
	type = {Store},
	title = {Worm {Gears} {\textbar} {Right} {Angle} {Gearbox} {\textbar} {FAQ}},
	url = {https://www.spiroidgearing.com/faq/performance-characteristics/},
	abstract = {See a list of frequently asked questions about Spiroid's technology and operations - Performance Characteristics. Our Performance Characteristics FAQ's cover categories that include backlash control and efficiency.},
	language = {en-US},
	urldate = {2019-12-04},
	journal = {Spiroid Gearing},
	author = {{spiroidgearing}},
	year = {2019},
	file = {Snapshot:C\:\\Users\\Joshua\\Zotero\\storage\\JF5B29RU\\performance-characteristics.html:text/html}
}

@misc{mcmaster-carr_rotary_2019,
	type = {Store},
	title = {Rotary {Shafts}},
	url = {https://www.mcmaster.com/},
	abstract = {McMaster-Carr is the complete source for your plant with over 580\&\#44;000 products. 98\% of products ordered ship from stock and deliver same or next day.},
	language = {en},
	urldate = {2019-12-04},
	journal = {McMaster-Carr},
	author = {{McMaster-Carr}},
	year = {2019},
	file = {Snapshot:C\:\\Users\\Joshua\\Zotero\\storage\\M4SEK939\\=e4ec2a051aeb447c8da3eb5094120073k3ro90wp.html:text/html}
}

@misc{juan_esteban_paz_nvidia_2018,
	type = {{CAD}},
	title = {Nvidia {Jetson} {TX}1/{TX}2},
	url = {https://grabcad.com/library/nvidia-jetson-tx1-tx2-1#!},
	urldate = {2019-12-05},
	journal = {CAD Community},
	author = {{Juan Esteban Paz}},
	month = dec,
	year = {2018},
	file = {Nvidia Jetson TX1/TX2 | 3D CAD Model Library | GrabCAD:C\:\\Users\\Joshua\\Zotero\\storage\\9CV4IKAG\\nvidia-jetson-tx1-tx2-1.html:text/html}
}

@misc{hasanain_shuja_raspberry_2019,
	type = {{CAD}},
	title = {Raspberry {Pi} 4 {Model} {B}},
	url = {https://grabcad.com/library/raspberry-pi-4-model-b-1#!},
	urldate = {2019-12-05},
	journal = {GRABCAD Community},
	author = {{Hasanain Shuja}},
	month = jul,
	year = {2019},
	file = {Raspberry Pi 4 Model B | 3D CAD Model Library | GrabCAD:C\:\\Users\\Joshua\\Zotero\\storage\\2FEQ3JYF\\raspberry-pi-4-model-b-1.html:text/html}
}

@misc{vr07_odrive_2018,
	type = {{CAD}},
	title = {{ODrive} 3.4 48v},
	url = {https://grabcad.com/library/odrive-3-4-48v-1},
	urldate = {2019-12-05},
	journal = {GRABCAD Community},
	author = {{VR07}},
	month = feb,
	year = {2018},
	file = {ODrive 3.4 48v | 3D CAD Model Library | GrabCAD:C\:\\Users\\Joshua\\Zotero\\storage\\X4KNJ5LK\\odrive-3-4-48v-1.html:text/html}
}

@misc{marla_acme_best_2019,
	title = {The {Best} {Plastics} for {Outdoor} {Use}},
	url = {https://www.acmeplastics.com/content/the-best-plastics-for-outdoor-use/},
	abstract = {Plastic is ideal for outdoor use. Find out which plastic out of polycarbonate, acrylic, hdpe, or marine board is best for your next outdoor project.},
	language = {en-US},
	urldate = {2019-09-12},
	journal = {Acme Plastics},
	author = {Marla\_Acme, Author},
	month = may,
	year = {2019},
	file = {Snapshot:C\:\\Users\\Joshua\\Zotero\\storage\\NSKIAKVF\\the-best-plastics-for-outdoor-use.html:text/html}
}

@misc{curbell_plastics_uv_2019,
	type = {Store},
	title = {{UV} {Resistant} {Plastics} for {Outdoor} {Applications} {\textbar} {Curbell} {Plastics}},
	url = {https://www.curbellplastics.com/Research-Solutions/Applications/Good-Weathering},
	abstract = {UV stable plastics – e.g. Acrylic, PVDF - with good weathering resistance for outdoor use and applications. Learn more at Curbell Plastics.},
	language = {en},
	urldate = {2019-09-12},
	journal = {Curbell Plastics},
	author = {{Curbell Plastics}},
	year = {2019},
	file = {Snapshot:C\:\\Users\\Joshua\\Zotero\\storage\\4NCY46XQ\\Good-Weathering.html:text/html}
}

@misc{fastenright_sealing_nodate,
	type = {Store},
	title = {Sealing {Fasteners}},
	url = {https://www.fastenright.com/products/general-fixings/sealing-fasteners},
	abstract = {A wide range of sealing fasteners for use in preventing contaminates including moisture and dirt. Supplied pre-assembled. See details of the range here.},
	language = {en-GB},
	urldate = {2019-09-11},
	journal = {Fastenright Ltd},
	author = {{Fastenright}},
	file = {Snapshot:C\:\\Users\\Joshua\\Zotero\\storage\\JVUMYQ3E\\sealing-fasteners.html:text/html}
}

@misc{protocase_custom_2019,
	type = {Protocase},
	title = {Custom {Cut} {Gaskets} made to your specifications, priced right and shipped in days.},
	url = {https://www.protocase.com/products/materials-components-finishes/components/mcf-gaskets.php},
	abstract = {Protocase can manufacture your fully customized gasket design. The end result is a quality gasket, made to your specifications, priced right and shipped in days.},
	language = {english},
	urldate = {2019-09-11},
	journal = {protocase.com},
	author = {{Protocase}},
	year = {2019},
	file = {Snapshot:C\:\\Users\\Joshua\\Zotero\\storage\\NYW5D6CM\\mcf-gaskets.html:text/html}
}